=LDR  01316cam a2200337I  4500
=001  000006904
=005  20140804085932.0
=008  741121s1906\\\\enk\\\\\\\\\\\000\0\engmd
=FMT  \\BK
=010  \\$a07028942
=035  \\$a(OCoLC)ocm01082960
=035  9\$aAMH-10154292
=040  \\$cOUN$dm.c.$dAMH$dUtOrBLW
=050  \0$aPR2910$b.R7
=099  \\$a822.33Z$aR746s
=100  1\$aDe Rothschild, J. A.$q(James Armand),$d1878-1957.
=245  10$aShakespeare and his day ;$ba study of the topical element in Shakespeare and in the Elizabethan drama /$cbeing the Harness prize essay, 1901. by J. A. de Rothschild ... 2d impression.
=264  \1$aLondon :$bE. Arnold,$c1906.
=300  \\$axi, 251 pages ;$c20 cm
=336  \\$atext$btxt$2rdacontent
=337  \\$aunmediated$bn$2rdamedia
=338  \\$avolume$bnc$2rdacarrier
=583  1\$acommitted to retain$c20160630$d20310630$fEAST$uhttp://eastlibraries.org/retained-materials$zAmherst College copy: EAST commitment$5MA
=600  10$aShakespeare, William,$d1564-1616.
=650  \0$aEnglish drama$yEarly modern and Elizabethan, 1500-1600$xHistory and criticism.
=651  \0$aEngland$xSocial life and customs.
=998  \\$aa$b12-01-93$cm$da$e-$feng$genk$h0
=OWN  \\$aAM
=049  \\$aAMHH
=907  \\$a.b10154292$b03-31-06$c12-03-93
=928  00$aRETURNED20140812